<record xmlns="http://www.loc.gov/MARC21/slim" xmlns:xsi="http://www.w3.org/2001/XMLSchema-instance" xsi:schemaLocation="http://www.loc.gov/MARC21/slim http://www.loc.gov/standards/marcxml/schema/MARC21slim.xsd"><leader>     nam a22        4500</leader><controlfield tag="001">3080238</controlfield><controlfield tag="003">NNC</controlfield><controlfield tag="006">m        d        </controlfield><controlfield tag="007">cr cn |||m|||a</controlfield><controlfield tag="008">150316s1958    sy      o     000 0 ara d</controlfield><datafield ind1=" " ind2=" " tag="040"><subfield code="a">NNU</subfield><subfield code="b">eng</subfield><subfield code="e">rda</subfield><subfield code="c">NNU</subfield></datafield><datafield ind1=" " ind2="4" tag="050"><subfield code="a">BP188</subfield><subfield code="b">.M38312 1958</subfield></datafield><datafield ind1="1" ind2=" " tag="100"><subfield code="a">al-Maudoodi, Syed Abul &#699;Ala,</subfield><subfield code="c">Maulana,</subfield><subfield code="d">1903-</subfield></datafield><datafield ind1="1" ind2="0" tag="245"><subfield code="a">Niz&#803;a&#772;m al-h&#803;aya&#772;h fi&#772; al-Isla&#772;m :</subfield><subfield code="b">al-niz&#803;a&#772;m al-ijtima&#772;&#699;i&#772;, al-niz&#803;a&#772;m al-iqtis&#803;a&#772;di&#772;, al-niz&#803;a&#772;m al-khuluqi&#772;, al-niz&#803;a&#772;m al-siya&#772;si&#772;, al-niz&#803;a&#772;m al-ru&#772;h&#803;a&#772;ni&#772; /</subfield><subfield code="c">ta&#700;li&#772;f Abul &#699;Ala al-Maudoodi ; naqalahu ila&#769; al-&#699;Arabi&#772;yah Muh&#803;ammad &#699;A&#772;s&#803;im H&#803;adda&#772;d.</subfield></datafield><datafield ind1=" " ind2=" " tag="250"><subfield code="a">al-T&#803;ab&#699;ah 2.</subfield></datafield><datafield ind1=" " ind2=" " tag="260"><subfield code="a">Dimashq :</subfield><subfield code="b">Da&#772;r al-Fikr al-Isla&#772;mi&#772;,</subfield><subfield code="c">1958.</subfield></datafield><datafield ind1=" " ind2=" " tag="300"><subfield code="a">online resource (85 pages)</subfield></datafield><datafield ind1=" " ind2=" " tag="336"><subfield code="a">text</subfield><subfield code="2">rdacontent</subfield></datafield><datafield ind1=" " ind2=" " tag="337"><subfield code="a">computer</subfield><subfield code="2">rdamedia</subfield></datafield><datafield ind1=" " ind2=" " tag="338"><subfield code="a">online resource</subfield><subfield code="2">rdacarrier</subfield></datafield><datafield ind1=" " ind2=" " tag="500"><subfield code="a">Part of the Arabic Collections Online (ACO) project, contributed by Columbia University Libraries.</subfield></datafield><datafield ind1=" " ind2=" " tag="533"><subfield code="a">Electronic reproduction.</subfield><subfield code="b">New York, N.Y. :</subfield><subfield code="c">New York University,</subfield><subfield code="d">2015.</subfield><subfield code="5">NNU</subfield></datafield><datafield ind1=" " ind2="0" tag="650"><subfield code="a">Religious life</subfield><subfield code="x">Islam.</subfield></datafield><datafield ind1=" " ind2="7" tag="650"><subfield code="a">Religious life</subfield><subfield code="x">Islam.</subfield><subfield code="2">fast</subfield><subfield code="0">(OCoLC)fst01094119</subfield></datafield><datafield ind1="1" ind2=" " tag="700"><subfield code="a">H&#803;adda&#772;d, Muh&#803;ammad &#699;A&#772;s&#803;im.</subfield></datafield><datafield ind1="2" ind2=" " tag="710"><subfield code="a">Columbia University.</subfield><subfield code="b">Libraries.</subfield></datafield><datafield ind1="0" ind2=" " tag="730"><subfield code="a">Arabic Collections Online.</subfield></datafield><datafield ind1="0" ind2="8" tag="776"><subfield code="i">Print version:</subfield><subfield code="a">al-Maudoodi, Syed Abul &#699;Ala, Maulana, 1903-</subfield><subfield code="t">Niz&#803;a&#772;m al-h&#803;aya&#772;h fi&#772; al-Isla&#772;m</subfield><subfield code="w">(NNC)3080238</subfield><subfield code="w">(OCoLC)33922792</subfield></datafield><datafield ind1="4" ind2="0" tag="856"><subfield code="u">http://hdl.handle.net/2333.1/44j0zrms</subfield></datafield><datafield ind1=" " ind2=" " tag="959"><subfield code="a">NNU</subfield><subfield code="b">WEB</subfield><subfield code="c">GENI</subfield><subfield code="t">0</subfield><subfield code="m">Electronic access</subfield><subfield code="s">01</subfield></datafield><datafield ind1=" " ind2=" " tag="999"><subfield code="i">NNC_3080238</subfield><subfield code="o">(OCoLC)ocm33922792 </subfield><subfield code="s">columbia_aco000386</subfield><subfield code="e">(ERROR-880)</subfield></datafield></record>